@article{freetheorems,
  title={Free theorems for sublanguages of Haskell},
  author={B{\"o}hme, Sascha},
  journal={Master's thesis, Technische Universit{\"a}t Dresden},
  year={2007}
}